@article{mamurova2023role,
  title={ROLE AND APPLICATION OF COMPUTER GRAPHICS},
  author={Mamurova, Feruza Islamovna and Khadjaeva, Nadira Sharifovna and Kadirova, Elena Vladimirovna},
  journal={Innovative Society: Problems, Analysis and Development Prospects (Spain)},
  pages={1--3},
  year={2023}
}

@book{yoon2022real,
  title={Real-time massive model rendering},
  author={Yoon, Sung-eui and Gobbetti, Enrico and Kasik, David and Manocha, Dinesh},
  year={2022},
  publisher={Springer Nature}
}

@book{agoston2005computer,
  title={Computer graphics and geometric modeling},
  author={Agoston, Max K and Agoston, Max K},
  volume={1},
  year={2005},
  publisher={Springer}
}

@inproceedings{peresunko2021models,
  title={Models of Experts for Shaders Estimation of Rendering Complex 3D Scenes in Real Time},
  author={Peresunko, Pavel and Mamatin, Denis and Antamoshkin, Oleslav and Peresunko, Evgeniya and Nikitin, Alexander},
  booktitle={2021 3rd International Conference on Control Systems, Mathematical Modeling, Automation and Energy Efficiency (SUMMA)},
  pages={895--897},
  year={2021},
  organization={IEEE}
}

@article{wu2020analytic,
  title={Analytic spherical harmonic gradients for real-time rendering with many polygonal area lights},
  author={Wu, Lifan and Cai, Guangyan and Zhao, Shuang and Ramamoorthi, Ravi},
  journal={ACM Transactions on Graphics (TOG)},
  volume={39},
  number={4},
  pages={134--1},
  year={2020},
  publisher={ACM New York, NY, USA}
}

@article{xiao2020neural,
  title={Neural supersampling for real-time rendering},
  author={Xiao, Lei and Nouri, Salah and Chapman, Matt and Fix, Alexander and Lanman, Douglas and Kaplanyan, Anton},
  journal={ACM Transactions on Graphics (TOG)},
  volume={39},
  number={4},
  pages={142--1},
  year={2020},
  publisher={ACM New York, NY, USA}
}

@inproceedings{akeley1993reality,
  title={Reality engine graphics},
  author={Akeley, Kurt},
  booktitle={Proceedings of the 20th annual conference on Computer graphics and interactive techniques},
  pages={109--116},
  year={1993}
}

@inproceedings{williams1983pyramidal,
  title={Pyramidal parametrics},
  author={Williams, Lance},
  booktitle={Proceedings of the 10th annual conference on Computer graphics and interactive techniques},
  pages={1--11},
  year={1983}
}

@article{kaplanyan2016filtering,
  title={Filtering distributions of normals for shading antialiasing.},
  author={Kaplanyan, Anton S and Hill, Stephan and Patney, Anjul and Lefohn, Aaron E},
  journal={High Performance Graphics},
  volume={151},
  pages={162},
  year={2016}
}

@inproceedings{reeves1987rendering,
  title={Rendering antialiased shadows with depth maps},
  author={Reeves, William T and Salesin, David H and Cook, Robert L},
  booktitle={Proceedings of the 14th annual conference on Computer graphics and interactive techniques},
  pages={283--291},
  year={1987}
}

@inproceedings{reshetov2009morphological,
  title={Morphological antialiasing},
  author={Reshetov, Alexander},
  booktitle={Proceedings of the Conference on High Performance Graphics 2009},
  pages={109--116},
  year={2009}
}

@inproceedings{jimenez2012smaa,
  title={SMAA: Enhanced subpixel morphological antialiasing},
  author={Jimenez, Jorge and Echevarria, Jose I and Sousa, Tiago and Gutierrez, Diego},
  booktitle={Computer Graphics Forum},
  volume={31},
  number={2pt1},
  pages={355--364},
  year={2012},
  organization={Wiley Online Library}
}

@article{yang2009amortized,
  title={Amortized supersampling},
  author={Yang, Lei and Nehab, Diego and Sander, Pedro V and Sitthi-Amorn, Pitchaya and Lawrence, Jason and Hoppe, Hugues},
  journal={ACM Transactions on Graphics (TOG)},
  volume={28},
  number={5},
  pages={1--12},
  year={2009},
  publisher={ACM New York, NY, USA}
}

@article{karis2014high,
  title={High quality temporal anti-aliasing},
  author={Karis, Brian},
  journal={Advances in Real-Time Rendering for Games, SIGGRAPH Courses},
  year={2014}
}

@article{osman2021design,
  title={Design and Development of a 3D Survival Platformer Game ith Unreal Engine 4},
  author={Osman, Oliver},
  year={2021},
  publisher={Universitat Jaume I}
}

@inproceedings{edelsten2019truly,
  title={Truly next-gen: Adding deep learning to games and graphics},
  author={Edelsten, Andrew and Jukarainen, Paula and Patney, Anjul},
  booktitle={In NVIDIA Sponsored Sessions (Game Developers Conference)},
  year={2019}
}

@incollection{schied2017spatiotemporal,
  title={Spatiotemporal variance-guided filtering: real-time reconstruction for path-traced global illumination},
  author={Schied, Christoph and Kaplanyan, Anton and Wyman, Chris and Patney, Anjul and Chaitanya, Chakravarty R Alla and Burgess, John and Liu, Shiqiu and Dachsbacher, Carsten and Lefohn, Aaron and Salvi, Marco},
  booktitle={Proceedings of High Performance Graphics},
  pages={1--12},
  year={2017}
}

@article{patney2016towards,
  title={Towards foveated rendering for gaze-tracked virtual reality},
  author={Patney, Anjul and Salvi, Marco and Kim, Joohwan and Kaplanyan, Anton and Wyman, Chris and Benty, Nir and Luebke, David and Lefohn, Aaron},
  journal={ACM Transactions on Graphics (TOG)},
  volume={35},
  number={6},
  pages={1--12},
  year={2016},
  publisher={ACM New York, NY, USA}
}

@article{chaitanya2017interactive,
  title={Interactive reconstruction of Monte Carlo image sequences using a recurrent denoising autoencoder},
  author={Chaitanya, Chakravarty R Alla and Kaplanyan, Anton S and Schied, Christoph and Salvi, Marco and Lefohn, Aaron and Nowrouzezahrai, Derek and Aila, Timo},
  journal={ACM Transactions on Graphics (TOG)},
  volume={36},
  number={4},
  pages={1--12},
  year={2017},
  publisher={ACM New York, NY, USA}
}

@article{kaplanyan2019deepfovea,
  title={DeepFovea: Neural reconstruction for foveated rendering and video compression using learned statistics of natural videos},
  author={Kaplanyan, Anton S and Sochenov, Anton and Leimk{\"u}hler, Thomas and Okunev, Mikhail and Goodall, Todd and Rufo, Gizem},
  journal={ACM Transactions on Graphics (TOG)},
  volume={38},
  number={6},
  pages={1--13},
  year={2019},
  publisher={ACM New York, NY, USA}
}

@article{dong2015image,
  title={Image super-resolution using deep convolutional networks},
  author={Dong, Chao and Loy, Chen Change and He, Kaiming and Tang, Xiaoou},
  journal={IEEE transactions on pattern analysis and machine intelligence},
  volume={38},
  number={2},
  pages={295--307},
  year={2015},
  publisher={IEEE}
}

@inproceedings{kim2016accurate,
  title={Accurate image super-resolution using very deep convolutional networks},
  author={Kim, Jiwon and Lee, Jung Kwon and Lee, Kyoung Mu},
  booktitle={Proceedings of the IEEE conference on computer vision and pattern recognition},
  pages={1646--1654},
  year={2016}
}

@inproceedings{ledig2017photo,
  title={Photo-realistic single image super-resolution using a generative adversarial network},
  author={Ledig, Christian and Theis, Lucas and Husz{\'a}r, Ferenc and Caballero, Jose and Cunningham, Andrew and Acosta, Alejandro and Aitken, Andrew and Tejani, Alykhan and Totz, Johannes and Wang, Zehan and others},
  booktitle={Proceedings of the IEEE conference on computer vision and pattern recognition},
  pages={4681--4690},
  year={2017}
}

@inproceedings{he2016deep,
  title={Deep residual learning for image recognition},
  author={He, Kaiming and Zhang, Xiangyu and Ren, Shaoqing and Sun, Jian},
  booktitle={Proceedings of the IEEE conference on computer vision and pattern recognition},
  pages={770--778},
  year={2016}
}

@inproceedings{lim2017enhanced,
  title={Enhanced deep residual networks for single image super-resolution},
  author={Lim, Bee and Son, Sanghyun and Kim, Heewon and Nah, Seungjun and Mu Lee, Kyoung},
  booktitle={Proceedings of the IEEE conference on computer vision and pattern recognition workshops},
  pages={136--144},
  year={2017}
}

@inproceedings{shi2016real,
  title={Real-time single image and video super-resolution using an efficient sub-pixel convolutional neural network},
  author={Shi, Wenzhe and Caballero, Jose and Husz{\'a}r, Ferenc and Totz, Johannes and Aitken, Andrew P and Bishop, Rob and Rueckert, Daniel and Wang, Zehan},
  booktitle={Proceedings of the IEEE conference on computer vision and pattern recognition},
  pages={1874--1883},
  year={2016}
}

@inproceedings{lai2017deep,
  title={Deep laplacian pyramid networks for fast and accurate super-resolution},
  author={Lai, Wei-Sheng and Huang, Jia-Bin and Ahuja, Narendra and Yang, Ming-Hsuan},
  booktitle={Proceedings of the IEEE conference on computer vision and pattern recognition},
  pages={624--632},
  year={2017}
}

@inproceedings{zhang2018residual,
  title={Residual dense network for image super-resolution},
  author={Zhang, Yulun and Tian, Yapeng and Kong, Yu and Zhong, Bineng and Fu, Yun},
  booktitle={Proceedings of the IEEE conference on computer vision and pattern recognition},
  pages={2472--2481},
  year={2018}
}

@inproceedings{huang2017densely,
  title={Densely connected convolutional networks},
  author={Huang, Gao and Liu, Zhuang and Van Der Maaten, Laurens and Weinberger, Kilian Q},
  booktitle={Proceedings of the IEEE conference on computer vision and pattern recognition},
  pages={4700--4708},
  year={2017}
}

@inproceedings{zhang2018image,
  title={Image super-resolution using very deep residual channel attention networks},
  author={Zhang, Yulun and Li, Kunpeng and Li, Kai and Wang, Lichen and Zhong, Bineng and Fu, Yun},
  booktitle={Proceedings of the European conference on computer vision (ECCV)},
  pages={286--301},
  year={2018}
}

@article{ge2018image,
  title={Image super-resolution via deterministic-stochastic synthesis and local statistical rectification},
  author={Ge, Weifeng and Gong, Bingchen and Yu, Yizhou},
  journal={ACM Transactions on Graphics (TOG)},
  volume={37},
  number={6},
  pages={1--14},
  year={2018},
  publisher={ACM New York, NY, USA}
}

@inproceedings{caballero2017real,
  title={Real-time video super-resolution with spatio-temporal networks and motion compensation},
  author={Caballero, Jose and Ledig, Christian and Aitken, Andrew and Acosta, Alejandro and Totz, Johannes and Wang, Zehan and Shi, Wenzhe},
  booktitle={Proceedings of the IEEE conference on computer vision and pattern recognition},
  pages={4778--4787},
  year={2017}
}

@inproceedings{tao2017detail,
  title={Detail-revealing deep video super-resolution},
  author={Tao, Xin and Gao, Hongyun and Liao, Renjie and Wang, Jue and Jia, Jiaya},
  booktitle={Proceedings of the IEEE international conference on computer vision},
  pages={4472--4480},
  year={2017}
}

@inproceedings{wang2019edvr,
  title={Edvr: Video restoration with enhanced deformable convolutional networks},
  author={Wang, Xintao and Chan, Kelvin CK and Yu, Ke and Dong, Chao and Change Loy, Chen},
  booktitle={Proceedings of the IEEE/CVF conference on computer vision and pattern recognition workshops},
  pages={0--0},
  year={2019}
}

@inproceedings{jo2018deep,
  title={Deep video super-resolution network using dynamic upsampling filters without explicit motion compensation},
  author={Jo, Younghyun and Oh, Seoung Wug and Kang, Jaeyeon and Kim, Seon Joo},
  booktitle={Proceedings of the IEEE conference on computer vision and pattern recognition},
  pages={3224--3232},
  year={2018}
}

@misc{vemulapalli2020frame,
  title={Frame-recurrent video super-resolution},
  author={Vemulapalli, Raviteja and Brown, Matthew and Sajjadi, Seyed Mohammad Mehdi},
  year={2020},
  month=sep # "~22",
  publisher={Google Patents},
  note={US Patent 10,783,611}
}

@inproceedings{haris2019recurrent,
  title={Recurrent back-projection network for video super-resolution},
  author={Haris, Muhammad and Shakhnarovich, Gregory and Ukita, Norimichi},
  booktitle={Proceedings of the IEEE/CVF conference on computer vision and pattern recognition},
  pages={3897--3906},
  year={2019}
}

@article{chu2020learning,
  title={Learning temporal coherence via self-supervision for GAN-based video generation},
  author={Chu, Mengyu and Xie, You and Mayer, Jonas and Leal-Taix{\'e}, Laura and Thuerey, Nils},
  journal={ACM Transactions on Graphics (TOG)},
  volume={39},
  number={4},
  pages={75--1},
  year={2020},
  publisher={ACM New York, NY, USA}
}

@article{goodfellow2020generative,
  title={Generative adversarial networks},
  author={Goodfellow, Ian and Pouget-Abadie, Jean and Mirza, Mehdi and Xu, Bing and Warde-Farley, David and Ozair, Sherjil and Courville, Aaron and Bengio, Yoshua},
  journal={Communications of the ACM},
  volume={63},
  number={11},
  pages={139--144},
  year={2020},
  publisher={ACM New York, NY, USA}
}

@article{shi2021towards,
  title={Towards real-time photorealistic 3D holography with deep neural networks},
  author={Shi, Liang and Li, Beichen and Kim, Changil and Kellnhofer, Petr and Matusik, Wojciech},
  journal={Nature},
  volume={591},
  number={7849},
  pages={234--239},
  year={2021},
  publisher={Nature Publishing Group UK London}
}